@inproceedings{CarlettiEtAl2017,
  title = {Introducing {{VF3}}: {{A New Algorithm}} for {{Subgraph Isomorphism}}.},
  booktitle = {Graph-{{Based Representations}} in {{Pattern Recognition}} - 11th {{IAPR-TC-15 International Workshop}}, {{GbRPR}} 2017, {{Anacapri}}, {{Italy}}, {{May}} 16-18, 2017, {{Proceedings}}},
  author = {Carletti, Vincenzo and Foggia, Pasquale and Saggese, Alessia and Vento, Mario},
  date = {2017},
  pages = {128--139},
  doi = {10.1007/978-3-319-58961-9_12},
  url = {https://doi.org/10.1007/978-3-319-58961-9_12}
}

@inproceedings{ChoiEtAl2014,
  title = {A Hybrid Incremental Genetic Algorithm for Subgraph Isomorphism Problem},
  booktitle = {Proceedings of the 2014 {{Annual Conference}} on Genetic and Evolutionary Computation},
  author = {Choi, HyukGeun and Kim, JinHyun and Moon, Byung-Ro},
  date = {2014},
  pages = {445--452},
  publisher = {ACM},
  doi = {10.1145/2576768.2598382},
  isbn = {978-1-4503-2662-9},
  langid = {english}
}

@article{ChoiEtAl2019,
  title = {Investigation of Incremental Hybrid Genetic Algorithm with Subgraph Isomorphism Problem},
  author = {Choi, HyukGeun and Kim, Jinhyun and Yoon, Yourim and Moon, Byung-Ro},
  date = {2019},
  journaltitle = {Swarm and Evolutionary Computation},
  shortjournal = {Swarm and Evolutionary Computation},
  volume = {49},
  pages = {75--86},
  publisher = {Elsevier},
  issn = {2210-6502}
}

@inproceedings{FarahaniChaharsoughi2015,
  title = {A Genetic and Iterative Local Search Algorithm for Solving Subgraph Isomorphism Problem},
  author = {Farahani, Mina Mazraeh and Chaharsoughi, Seyed Kamal},
  date = {2015},
  pages = {1--6},
  publisher = {IEEE},
  eventtitle = {2015 {{International Conference}} on {{Industrial Engineering}} and {{Operations Management}} ({{IEOM}})},
  isbn = {1-4799-6065-9}
}

@article{JuttnerMadarasi2018,
  title = {{{VF2}}++---{{An}} Improved Subgraph Isomorphism Algorithm},
  author = {J\"uttner, Alp\'ar and Madarasi, P\'eter},
  date = {2018-06-19},
  journaltitle = {Discrete Applied Mathematics},
  shortjournal = {Discrete Applied Mathematics},
  series = {Computational {{Advances}} in {{Combinatorial Optimization}}},
  volume = {242},
  pages = {69--81},
  issn = {0166-218X},
  doi = {10.1016/j.dam.2018.02.018},
  url = {https://www.sciencedirect.com/science/article/pii/S0166218X18300829},
  urldate = {2024-05-16}
}

@inproceedings{KimEtAl2016,
  title = {Measuring {{Source Code Similarity}} by {{Finding Similar Subgraph}} with an {{Incremental Genetic Algorithm}}},
  booktitle = {Proceedings of the {{Genetic}} and {{Evolutionary Computation Conference}} 2016},
  author = {Kim, Jinhyun and Choi, HyukGeun and Yun, Hansang and Moon, Byung-Ro},
  date = {2016-07-20},
  series = {{{GECCO}} '16},
  pages = {925--932},
  publisher = {Association for Computing Machinery},
  location = {New York, NY, USA},
  doi = {10.1145/2908812.2908870},
  url = {https://dl.acm.org/doi/10.1145/2908812.2908870},
  urldate = {2024-05-15},
  isbn = {978-1-4503-4206-3}
}

@incollection{KoblerEtAl1993,
  title = {Decision {{Problems}}, {{Search Problems}}, and {{Counting Problems}}},
  booktitle = {The {{Graph Isomorphism Problem}}: {{Its Structural Complexity}}},
  author = {K\"obler, Johannes and Sch\"oning, Uwe and Tor\'an, Jacobo},
  editor = {K\"obler, Johannes and Sch\"oning, Uwe and Tor\'an, Jacobo},
  date = {1993},
  series = {Progress in {{Theoretical Computer Science}}},
  pages = {11--50},
  publisher = {Birkh\"auser},
  location = {Boston, MA},
  doi = {10.1007/978-1-4612-0333-9_3},
  url = {https://doi.org/10.1007/978-1-4612-0333-9_3},
  urldate = {2023-09-23},
  isbn = {978-1-4612-0333-9},
  langid = {english}
}

@inproceedings{PachuauEtAl2023,
  title = {Solving {{Dense Subgraph Problems Using Genetic Algorithm}}},
  author = {Pachuau, Joseph L and Singh, Nongmeikapam Brajabidhu and Singh, Laiphrakpam Dolendro and Saha, Anish Kumar},
  date = {2023},
  pages = {674--679},
  publisher = {IEEE},
  eventtitle = {{{TENCON}} 2023-2023 {{IEEE Region}} 10 {{Conference}} ({{TENCON}})},
  isbn = {9798350302196}
}

@inproceedings{XiangEtAl2017,
  title = {An Improved Heuristic Method for Subgraph Isomorphism Problem},
  author = {Xiang, Yingzhuo and Han, Jiesi and Xu, Haijiang and Guo, Xin},
  date = {2017},
  volume = {231},
  number = {1},
  pages = {012050},
  publisher = {IOP Publishing},
  eventtitle = {{{IOP Conference Series}}: {{Materials Science}} and {{Engineering}}},
  isbn = {1757-899X}
}
